@book{brannan,
  title = "Geometry",
  author = "David A. Brannan and Matthew F. Esplen and Jeremy J. Gray",
  year = "2012",
  publisher = "Cambridge University Press",
  edition = "Second",
}

@book{audin,
  title = "Geometry",
  author = "Mich\'ele Audin",
  year = "2002",
  publisher = "Springer-Verlag",
  series = "Universitext",
}

@article{shirali,
  title = "Groups associated with conics",
  author = "Shailesh Shirali",
  journal = "The Mathematical Gazette",
  month = "March",
  year = "2009",
}

@article{yzeren,
  title = "A Simple Proof of pascal's Hexagon Theorem",
  author = "Jan van Yzeren",
  journal = "The American Mathematical Monthly",
  volume = "100",
  number = "10",
  month = "December",
  year = "1993",
}

@booklet{spallone,
  title = "Introduction to Curves",
  author = "Steven Spallone",
}

@book{dummit,
  title = "Abstract Algebra",
  author = "David S. Dummit and Richard M. Foote",
  year = "2004",
  publisher = "John Wiley and Sons",
  edition = "Third",
}
